@misc{latex-example,
author = {Zhou, Jian},
title = {Latex Example},
howpublished = {\url{https://github.com/janzhou/latex-example}}
}
