@manual{loraalliance:lorawanspecification,
    organization  = "LoRa Alliance",
    title         = "LoRaWAN Specification",
    number        = "v1.1",
    year          =  2018,
    month         =  4,    
}

@ARTICLE{8030482,
    author={F. {Adelantado} and X. {Vilajosana} and P. {Tuset-Peiro} and B. {Martinez} and J. {Melia-Segui} and T. {Watteyne}},
    journal={IEEE Communications Magazine},
    title={Understanding the Limits of LoRaWAN},
    year={2017},
    volume={55},
    number={9},
    pages={34-40},
}

@inproceedings{10.1145/2988287.2989163,
    author = {Bor, Martin C. and Roedig, Utz and Voigt, Thiemo and Alonso, Juan M.},
    title = {Do LoRa Low-Power Wide-Area Networks Scale?},
    year = {2016},
    isbn = {9781450345026},
    publisher = {Association for Computing Machinery},
    address = {New York, NY, USA},
    url = {https://doi.org/10.1145/2988287.2989163},
    doi = {10.1145/2988287.2989163},
    booktitle = {Proceedings of the 19th ACM International Conference on Modeling, Analysis and Simulation of Wireless and Mobile Systems},
    pages = {59–67},
    numpages = {9},
    keywords = {low-power wide-area network, scalability analysis, lora},
    location = {Malta, Malta},
    series = {MSWiM ’16}
}

@article{evaluation_of_the_reliability_of_lora,
    author = {Cattani, Marco and Boano, Carlo Alberto and Römer, Kay},
    year = {2017},
    month = {06},
    pages = {7},
    title = {Evaluation of the Reliability of LoRa Long-Range Low-Power Wireless Communication},
    volume = {6},
    journal = {Journal of Sensor and Actuator Networks},
    doi = {10.3390/jsan6020007}
}

@online{lorajambalaya,
    author = {{Fernando Kuipers}},
    title = {LoRa' Jambalaya},
    url = {https://fernandokuipers.nl/presentations/Jambalaya.pdf},
    organization = {TU Delft},
    date = {2019-05-20}
}
